%Bibliography of the Plate recognition project

@ARTICLE{survOnMet,
	author={Shashirangana, Jithmi and Padmasiri, Heshan and Meedeniya, Dulani and Perera, Charith},  
	journal={IEEE Access},
	title={Automated License Plate Recognition: A Survey on Methods and Techniques},
	year={2021},  
	volume={9},  
	number={},  
	pages={11203-11225},  
	doi={10.1109/ACCESS.2020.3047929}
}

@article{changShyLi,
author = {Chang, Shyang-Lih and Chen, Li-Shien and Chung, Yun-Chung and Chen, Sei-Wang},
year = {2004},
month = {04},
pages = {42 - 53},
title = {Automatic License Plate Recognition},
volume = {5},
journal = {Intelligent Transportation Systems, IEEE Transactions on},
doi = {10.1109/TITS.2004.825086}
}

@article{DBLP:journals/corr/GoncalvesSMS16,
  author    = {Gabriel Resende Gon{\c{c}}alves and
               Sirlene Pio Gomes da Silva and
               David Menotti and
               William Robson Schwartz},
  title     = {A Benchmark for License Plate Character Segmentation},
  journal   = {CoRR},
  volume    = {abs/1607.02937},
  year      = {2016},
  url       = {http://arxiv.org/abs/1607.02937},
  eprinttype = {arXiv},
  eprint    = {1607.02937},
  timestamp = {Mon, 13 Aug 2018 16:48:54 +0200},
  biburl    = {https://dblp.org/rec/journals/corr/GoncalvesSMS16.bib},
  bibsource = {dblp computer science bibliography, https://dblp.org}
}

@article{DBLP:journals/corr/abs-1909-01754,
  author    = {Rayson Laroca and
               Luiz A. Zanlorensi and
               Gabriel Resende Gon{\c{c}}alves and
               Eduardo Todt and
               William Robson Schwartz and
               David Menotti},
  title     = {An Efficient and Layout-Independent Automatic License Plate Recognition
               System Based on the {YOLO} detector},
  journal   = {CoRR},
  volume    = {abs/1909.01754},
  year      = {2019},
  url       = {http://arxiv.org/abs/1909.01754},
  eprinttype = {arXiv},
  eprint    = {1909.01754},
  timestamp = {Mon, 16 Sep 2019 17:27:14 +0200},
  biburl    = {https://dblp.org/rec/journals/corr/abs-1909-01754.bib},
  bibsource = {dblp computer science bibliography, https://dblp.org}
}

@Article{app10082780,
AUTHOR = {Han, Byung-Gil and Lee, Jong Taek and Lim, Kil-Taek and Choi, Doo-Hyun},
TITLE = {License Plate Image Generation using Generative Adversarial Networks for End-To-End License Plate Character Recognition from a Small Set of Real Images},
JOURNAL = {Applied Sciences},
VOLUME = {10},
YEAR = {2020},
NUMBER = {8},
ARTICLE-NUMBER = {2780},
URL = {https://www.mdpi.com/2076-3417/10/8/2780},
ISSN = {2076-3417},
DOI = {10.3390/app10082780}
}

@misc{redmon2016look,
      title={You Only Look Once: Unified, Real-Time Object Detection}, 
      author={Joseph Redmon and Santosh Divvala and Ross Girshick and Ali Farhadi},
      year={2016},
      eprint={1506.02640},
      archivePrefix={arXiv},
      primaryClass={cs.CV}
}

@INPROCEEDINGS{HongFuJiaHuan,
  author={Hong-ke Xu and Fu-hua Yu and Jia-hua Jiao and Huan-sheng Song},
  booktitle={Sixth International Conference on Parallel and Distributed Computing Applications and Technologies (PDCAT'05)}, 
  title={A New Approach of the Vehicle License Plate Location}, 
  year={2005},
  volume={},
  number={},
  pages={1055-1057},
  doi={10.1109/PDCAT.2005.24}}

@incollection{pytorch,
title = {PyTorch: An Imperative Style, High-Performance Deep Learning Library},
author = {Paszke, Adam and Gross, Sam and Massa, Francisco and Lerer, Adam and Bradbury, James and Chanan, Gregory and Killeen, Trevor and Lin, Zeming and Gimelshein, Natalia and Antiga, Luca and Desmaison, Alban and Kopf, Andreas and Yang, Edward and DeVito, Zachary and Raison, Martin and Tejani, Alykhan and Chilamkurthy, Sasank and Steiner, Benoit and Fang, Lu and Bai, Junjie and Chintala, Soumith},
booktitle = {Advances in Neural Information Processing Systems 32},
pages = {8024--8035},
year = {2019},
publisher = {Curran Associates, Inc.},
url = {http://papers.neurips.cc/paper/9015-pytorch-an-imperative-style-high-performance-deep-learning-library.pdf}
}

@article{opencv,
    author = {Bradski, G.},
    citeulike-article-id = {2236121},
    journal = {Dr. Dobb's Journal of Software Tools},
    keywords = {bibtex-import},
    posted-at = {2008-01-15 19:21:54},
    priority = {4},
    title = {{The OpenCV Library}},
    year = {2000},
    url = {https://github.com/opencv/opencv}
}

@ARTICLE{7801919,
	  author={Shi, Baoguang and Bai, Xiang and Yao, Cong},  
	  journal={IEEE Transactions on Pattern Analysis and Machine Intelligence},   
	  title={An End-to-End Trainable Neural Network for Image-Based Sequence Recognition and Its Application to Scene Text Recognition},   year={2017},  
	  volume={39},  
	  number={11},  
	  pages={2298-2304},  
	  doi={10.1109/TPAMI.2016.2646371}
  }

@misc{DBLP:journals/corr/abs-2009-09941,
  doi = {10.48550/ARXIV.2009.09941},
  url = {https://arxiv.org/abs/2009.09941},
  author = {Du, Yuning and Li, Chenxia and Guo, Ruoyu and Yin, Xiaoting and Liu,
            Weiwei and Zhou, Jun and Bai, Yifan and Yu, Zilin and Yang, Yehua
            and Dang, Qingqing and Wang, Haoshuang},
  keywords = {Computer Vision and Pattern Recognition (cs.CV), FOS: Computer and
              information sciences, FOS: Computer and information sciences},
  title = {PP-OCR: A Practical Ultra Lightweight OCR System},
  publisher = {arXiv},
  year = {2020},
  copyright = {arXiv.org perpetual, non-exclusive license}
}

@misc{yolov7,
  doi = {10.48550/ARXIV.2207.02696},
  url = {https://arxiv.org/abs/2207.02696},
  author = {Wang, Chien-Yao and Bochkovskiy, Alexey and Liao, Hong-Yuan Mark},
  keywords = {Computer Vision and Pattern Recognition (cs.CV), FOS: Computer and
              information sciences, FOS: Computer and information sciences},
  title = {YOLOv7: Trainable bag-of-freebies sets new state-of-the-art for
           real-time object detectors},
  publisher = {arXiv},
  year = {2022},
  copyright = {arXiv.org perpetual, non-exclusive license}
}

@misc{weather-effects-tutorial,
  url = {https://www.freecodecamp.org/news/image-augmentation-make-it-rain-make-it-snow-how-to-modify-a-photo-with-machine-learning-163c0cb3843f/},
  author = {Ujjwal Saxena},
  title = {Image Augmentation: Make it rain, make it snow. How to modify photos to train self-driving cars}
  year={2018}
}
