%Bibliography of the Plate recognition project

@ARTICLE{survOnMet,
	author={Shashirangana, Jithmi and Padmasiri, Heshan and Meedeniya, Dulani and Perera, Charith},  
	journal={IEEE Access},
	title={Automated License Plate Recognition: A Survey on Methods and Techniques},
	year={2021},  
	volume={9},  
	number={},  
	pages={11203-11225},  
	doi={10.1109/ACCESS.2020.3047929}
}

@article{changShyLi,
author = {Chang, Shyang-Lih and Chen, Li-Shien and Chung, Yun-Chung and Chen, Sei-Wang},
year = {2004},
month = {04},
pages = {42 - 53},
title = {Automatic License Plate Recognition},
volume = {5},
journal = {Intelligent Transportation Systems, IEEE Transactions on},
doi = {10.1109/TITS.2004.825086}
}

